



@misc{postsql,
 author = {Postgres},
 title = {Postgresql SQL-prepared statements},
 url = {http://www.postgresql.org/docs/current/interactive/sql-prepare.html},

} 
